%\label{cap:Bibliografia}%

	@online{RDocumentation,
		author={RDocumentation},
		title={reclin},
		date{2018-08-09},
		url{https://www.rdocumentation.org/packages/reclin/versions/0.1.1}
	}

	@online{RecordLinkageEM,
		author={William E. Winkler},
		title={Record Linkage EM Algorithm},
		date{2000-10-20},
		url{https://www.census.gov/content/dam/Census/library/working-papers/2000/adrm/rr2000-05.pdf}
	}

	@online{EMAlgorithm,
		author={Carrie Samuels, Australian  Bureau  of  Statistics},
		title={Using the EM Algorithm toEstimate the Parametersof the Fellegi-SunterModel for Data Linking},
		date{2011-11-18},
		url{https://www.ausstats.abs.gov.au/ausstats/subscriber.nsf/0/1A0CF265D28D518BCA257998000C0706/$File/1352055120_nov%202011.pdf}
	}
